<?xml version="1.0" encoding="UTF-8"?><collection xmlns="http://www.loc.gov/MARC21/slim"><record><leader>00398nam--2200145-i-4500</leader><controlfield tag="001">000018515</controlfield><controlfield tag="002">20161230</controlfield><controlfield tag="005">20161230201032</controlfield><controlfield tag="008">060222s1000------------r-----000-0-eng-d</controlfield><datafield ind1=" " ind2=" " tag="080"><subfield code="a">061.3:51</subfield></datafield><datafield ind1=" " ind2=" " tag="245"><subfield code="a">Deuxieme congres mathematique hongrois. budapest, 24-31 august 1960</subfield></datafield><datafield ind1=" " ind2=" " tag="260"><subfield code="a">Budapest, Akademiai Kiado, 1961./Pag.Dif.</subfield></datafield><datafield ind1=" " ind2=" " tag="490"><subfield code="v">Vol.II</subfield></datafield><datafield ind1=" " ind2=" " tag="852"><subfield code="a">8266</subfield></datafield><datafield ind1=" " ind2=" " tag="CAT"><subfield code="a">Sys</subfield><subfield code="c">20080327</subfield><subfield code="h">124903</subfield></datafield></record></collection>